@inproceedings{иванюк2007автоматизация,
  title        = {Автоматизация на ОАО {\guillemotleft}Савушкин продукт{\guillemotright}},
  author       = {Иванюк, Д. С.},
  booktitle    = {Современные проблемы информатики и вычислительной техники: материалы V Респуб. научн. конф. молодых ученых и студентов},
  year         = {2007},
  eventdate    = {2007-11-28/2007-11-30},
  location     = {Брест},
  organization = {БрГТУ},
  pages        = {88--90},
  url          = {https://rep.bstu.by/handle/data/4058},
  language     = {russian},
  annote       = {Содержится описание применяемых информационных технологий в АСУТП.}
}

@article{иванюк2008асутп,
  title        = {АСУТП. Нейросетевые подходы в управлении динамическими системами. Связь с уровнем планирования производства},
  author       = {Иванюк, Д. С. and Головко, В. А. and Шуть, В. Н.},
  booktitle    = {Вестник Брестского государственного технического университета. Серия: Физика, математика, информатика},
  year         = {2008},
  organization = {БрГТУ},
  location     = {Брест},
  number       = {5},
  pages        = {61--65},
  language     = {russian}
}

@inproceedings{иванюк2009применение,
  title     = {Применение нейроконтроллеров в АСУТП},
  author    = {Иванюк, Д. С. and Головко, В. А. and Шуть, В. Н.},
  location  = {Брест: БрГТУ},
  pages     = {9--12},
  addendum  = {Библиогр.: с.12 (3 назв.)},
  part      = {1},
  year      = {2009},
  series    = {редкол. В. С. Рубанов [и др.].},
  publisher = {Министерство образования Республики Беларусь, Брестский государственный технический университет},
  language  = {russian}
}

@article{иванюк2009применение2,
  title     = {Применение последовательного нейроконтроллера в АСУТП},
  author    = {Иванюк, Д. С. and Головко, В. А. and Шуть, В. Н.},
  booktitle = {Современные проблемы математики и вычислительной техники : материалы VI Республиканской научной конференции молодых ученых и студентов},
  year      = {2009},
  part      = {1},
  addendum  = {Библиогр.: с.12 (3 назв.)},
  location  = {Брест},
  series    = {редкол. В. С. Рубанов [и др.].},
  publisher = {Брест : БрГТУ},
  pages     = {9--12},
  language  = {russian}
}

@inproceedings{иванюк2009развитие,
  title        = {Развитие процессов информатизации в АСУТП на предприятии молочной промышленности},
  author       = {Иванюк, Д. С. and Шуть, В. Н.},
  booktitle    = {Развитие информатизации и государственной системы научно-технической информации (РИНТИ-2009)},
  year         = {2009},
  eventdate    = {2009-11-16},
  location     = {Минск},
  organization = {ОИПИ НАН Беларуси},
  pages        = {94--98},
  language     = {russian},
  annote       = {Содержится описание применяемых информационных технологий в АСУТП, история их развития.}
}

@article{иванюк2010последовательный,
  title     = {Последовательный нейроконтроллер в АСУТП},
  author    = {Иванюк, Д. С. and Шуть, В. Н.},
  year      = {2010},
  publisher = {Национальный исследовательский ядерный университет МИФИ},
  language  = {russian}
}

@article{ivaniuk2011pasteurization,
  title     = {Pasteurization machine neurocontroller},
  author    = {Ivaniuk, D. S.},
  year      = {2011},
  publisher = {БГУ},
  language  = {russian}
}

@inproceedings{ivaniuk2013neuro,
  title     = {Neuro-PID Controller for a Pasteurizer},
  author    = {Ivaniuk, D. S.},
  booktitle = {XV International PhD Workshop OWD},
  year      = {2013},
  language  = {english}
}

@article{иванюк2013нейро,
  title      = {Нейро-ПИД-контроллер пастеризационной установки},
  author     = {Иванюк, Д. С. and Головко, В. А. and others},
  booktittle = {Вестник Брестского государственного технического университета},
  series     = {Серия: Физика, математика, информатика},
  pages      = {6--8},
  number     = {5},
  year       = {2013},
  publisher  = {БрГТУ},
  language   = {russian}
}

@article{иванюк2014нейро,
  title      = {Нейро-ПИД-регулятор ПОУ},
  author     = {Иванюк, Д. С. and others},
  number     = {5},
  booktittle = {Вестник Брестского государственного технического университета},
  year       = {2014},
  series     = {Серия: Физика, математика, информатика},
  pages      = {35--40},
  publisher  = {БрГТУ},
  language   = {russian}
}

@article{иванюк2017система,
  title     = {Система машинного зрения для контроля качества упаковки},
  author    = {Иванюк, Д. С. and Лузан, А. А. and Головко, В. А. and Новик, А. И.},
  year      = {2017},
  publisher = {БрГТУ},
  language  = {russian}
}

@article{голенков2017онтологическое,
  title    = {Онтологическое проектирование предприятий рецептурного производства},
  author   = {Голенков, В. В. and Русецкий, К. В. and Шункевич, Д. В. and Давыденко, И. Т. and Захаров, В. В. and Ивашенко, В. П. and Корончик, Д. Н. and Таберко, В. В. and Иванюк, Д. С.},
  year     = {2017},
  language = {russian}
}

@inproceedings{golenkov2017ontology,
  title        = {Ontology-based design of batch manufacturing enterprises},
  author       = {Golenkov, V. V. and Rusetski, K. V. and Shunkevich, D. V. and Davydenko, IT and Zakharov, V. V. and Ivashenko, VP and Koronchik, DN and Taberko, V. V. and Ivanyuk, D. S.},
  year         = {2017},
  eventtitle   = {Открытые семантические технологии проектирования интеллектуальных систем = Open Semantic Technologies for Intelligent Systems (OSTIS-2017)},
  eventdate    = {2017-02-16/2017-02-18},
  location     = {Минск},
  venue        = {Минск : БГУИР},
  addendum     = {редкол. : В. В. Голенков (отв. ред.) [и др.].},
  pages        = {17--26},
  organization = {БГУИР},
  language     = {english}
}

@article{таберко2017проектирование,
  title     = {Проектирование предприятий рецептурного производства на основе онтологий},
  author    = {Таберко, В. В. and Иванюк, Д. С. and Голенков, В. В. and Давыденко, И. Т. and Русецкий, К. В. and Шункевич, Д. В. and Захаров, В. В. and Ивашенко, В. П. and Корончик, Д. Н.},
  volume    = {7},
  number    = {2(24)},
  pages     = {123--144},
  year      = {2017},
  doi       = {10.18287/2223-9537-2017-7-2},
  publisher = {ИПУСС РАН},
  language  = {russian}
}

@article{голенков2017проектирование,
  title    = {Проектирование предприятий рецептурного производства на основе онтологий},
  author   = {Голенков, В. В. and Таберко, В. В. and Иванюк, Д. С. and Русецкий, К. В. and Шункевич, Д. В. and Давыденко, И. Т. and Захаров, В. В. and Ивашенко, В. П. and Корончик, Д. Н.},
  journal  = {ОнтОлОгия},
  pages    = {123},
  year     = {2017},
  language = {russian}
}

@inproceedings{golovko2018integration,
  title        = {Integration of artificial neural networks and knowledge bases},
  author       = {Golovko, V. A. and Golenkov, V. V. and Ivashenko, V. P. and Taberko, V. V. and Ivaniuk, D. S. and Kroshchanka, A. A. and Kovalev, M. V.},
  booktitle    = {Open semantic technologies for intelligent systems},
  number       = {2},
  pages        = {133--145},
  year         = {2018},
  organization = {BSUIR, Minsk},
  language     = {english}
}

@article{головко2018интеграция,
  title     = {Интеграция искусственных нейронных сетей с базами знаний},
  author    = {Головко, В. А. and Голенков, В. В. and Ивашенко, В. П. and Таберко, В. В. and Шаток, Д. С. and Крощенко, А. А. and Ковалёв, М. В.},
  journal   = {Онтология проектирования},
  volume    = {8},
  number    = {3 (29)},
  pages     = {366--386},
  year      = {2018},
  publisher = {Федеральное государственное автономное образовательное учреждение высшего~…},
  language  = {russian}
}

@article{taberko2018design,
  title     = {Design of batch manufacturing enterprises in the context of industry 4.0},
  author    = {Taberko, V. V. and Ivaniuk, D. S. and Kasyanik, V. V. and Golovko, V. A. and Gulyakina, N. A. and Rusetski, K. V. and Shunkevich, D. V. and Boriskin, A. S. and Grakova, N. V.},
  year      = {2018},
  publisher = {БГУИР},
  language  = {english}
}

@article{golovko2019principles,
  title     = {Principles of decision-making systems building based on the integration of neural networks and semantic models},
  author    = {Golovko, V. A. and Kroshchanka, A. A. and Ivashenko, VP and Kovalev, Mikhail and Taberko, V. V. and Ivaniuk, D. S.},
  year      = {2019},
  publisher = {БГУИР},
  language  = {english}
}

@article{taberko2019design,
  title     = {Design principles of integrated information services for batch manufacturing enterprise employees},
  author    = {Taberko, V. V. and Ivaniuk, D. S. and Kasyanik, V. V. and Golovko, V. A. and Rusetski, Kirill and Shunkevich, D. V. and Grakova, N. V.},
  year      = {2019},
  publisher = {БГУИР},
  language  = {english}
}

@article{golovko2020implementation,
  title     = {Implementation of an intelligent decision support system to accompany the manufacturing process},
  author    = {Golovko, V. A. and Kroshchanka, A. A. and Kovalev, M. V. and Taberko, V. V. and Ivaniuk, D. S.},
  year      = {2020},
  publisher = {БГУИР},
  language  = {english}
}

@article{taberko2020principles,
  title        = {Principles for enhancing the development and use of standards within Industry 4.0},
  author       = {Taberko, V. V. and Ivaniuk, D. S. and Shunkevich, D. V. and Pupena, O. N.},
  year         = {2020},
  publisher    = {БГУИР, РБ},
  localization = {Минск},
  series       = {Вып. 4.},
  pages        = {167--174},
  addendum     = {редкол.: В. В. Голенков (гл. ред.) [и др.},
  language     = {english}
}

@inproceedings{taberko2020ontological,
  title        = {Ontological Approach for Standards Development Within Industry 4.0},
  author       = {Taberko, V. V. and Ivaniuk, D. S. and Shunkevich, D. V. and Pupena, O. N.},
  booktitle    = {International Conference on Open Semantic Technologies for Intelligent Systems},
  pages        = {64--80},
  year         = {2020},
  organization = {Springer International Publishing Cham},
  language     = {english}
}

@inproceedings{golovko2020neuro,
  title        = {Neuro-symbolic artificial intelligence: application for control the quality of product labeling},
  author       = {Golovko, Vladimir and Kroshchanka, Aliaksandr and Kovalev, Mikhail and Taberko, V. V. and Ivaniuk, D. S.},
  booktitle    = {International Conference on Open Semantic Technologies for Intelligent Systems},
  pages        = {81--101},
  year         = {2020},
  organization = {Springer International Publishing Cham},
  language     = {english}
}

@article{taberko2020онтологический,
  title    = {Онтологический подход к разработке Стандартов в рамках Индустрии 4.0},
  author   = {Taberko, V. V. and Ivaniuk, D. S. and Shunkevich, D. V. and Pupena, O. N.},
  journal  = {Communications in Computer and Information Science (см. в книгах)},
  volume   = {1282},
  pages    = {64--80},
  year     = {2020},
  language = {russian}
}

@inproceedings{lutska2021ontological,
  title        = {Ontological model of digital twin in manufacturing},
  author       = {Lutska, N. and Pupena, O. N. and Shyshak, A. and Taberko, V. V. and Ivaniuk, D. S. and Zotov, N. and Orlov, M. and Vlasenko, L.},
  booktitle    = {International Conference on Open Semantic Technologies for Intelligent Systems},
  pages        = {310--335},
  year         = {2021},
  organization = {Springer International Publishing Cham},
  language     = {english}
}

@article{taberko2021principles,
  title      = {Principles of building a system for automating the activities of a process engineer based on an ontological approach within the framework of the Industry 4.0 concept},
  author     = {Taberko, V. V. and Ivaniuk, D. S. and Zotov, N. and Orlov, M. and Pupena, O. N. and Lutska, N.},
  pages      = {209--218},
  location   = {Минск},
  addendum   = {редкол.: В. В. Голенков [и др.]},
  booktittle = {Открытые семантические технологии проектирования интеллектуальных систем = Open Semantic Technologies for Intelligent Systems (OSTIS-2021) : сборник научных трудов},
  series     = {Вып. 5},
  publisher  = {Белорусский государственный университет информатики и радиоэлектроники},
  year       = {2021},
  language   = {english}
}

@article{kroshchanka2021neural,
  title     = {Neural network component of the product marking recognition system on the production line},
  author    = {Kroshchanka, A. and Ivaniuk, D.},
  series    = {Вып. 5},
  booktitle = {Открытые семантические технологии проектирования интеллектуальных систем = Open Semantic Technologies for Intelligent Systems (OSTIS-2021) : сборник научных трудов},
  year      = {2021},
  pages     = {219--224},
  location  = {Минск},
  addendum  = {редкол.: В. В. Голенков [и др.].},
  publisher = {Белорусский государственный университет информатики и радиоэлектроники},
  language  = {english}
}

@article{иванюк2021онтологический,
  title     = {Онтологический подход к комплексной автоматизации предприятий рецептурного производства в контексте концепции Industry 4.0},
  author    = {Иванюк, Д. С. and Пупена, А. Н. and Шункевич, Д. В.},
  year      = {2021},
  journal   = {Информационные технологии и системы 2021 (ИТС 2021) = Information Teсhnologies and Systems 2021 (ITS 2021)},
  pages     = {17--26},
  location  = {Минск},
  language  = {russian},
  publisher = {Белорусский государственный университет информатики и радиоэлектроники},
  language  = {russian}
}

@article{иванюк2022компания,
  title    = {Компания {\guillemotleft}Савушкин продукт{\guillemotright} в новых измерениях},
  author   = {Иванюк, Д. С.},
  journal  = {Весник сувязи},
  number   = {6},
  pages    = {14--18},
  year     = {2022},
  language = {russian}
}

@article{taberko2022ontological,
  title        = {Ontological approach to batch enterprise within Industry 4.0},
  author       = {Taberko, V. V. and Ivaniuk, D. S.},
  booktitle    = {Открытые семантические технологии проектирования интеллектуальных систем = Open Semantic Technologies for Intelligent Systems (OSTIS-2022)},
  year         = {2022},
  booksubtitle = {сборник научных трудов},
  pages        = {395--400},
  location     = {Минск},
  addendum     = {редкол.: В. В. Голенков [и др.]},
  language     = {english},
  organization = {БГУИР}
}

@article{taberko2023adaptive,
  title        = {Adaptive control system for technological process within ostis ecosystem},
  author       = {Taberko, V. V. and Ivaniuk, D. S. and Smorodin, V. and Prokhorenko, V.},
  year         = {2023},
  publisher    = {БГУИР},
  location     = {Минск},
  series       = {Вып. 7},
  pages        = {291--298},
  addendum     = {редкол.: В. В. Голенков [и др.]},
  booktitle    = {Открытые семантические технологии проектирования интеллектуальных систем = Open Semantic Technologies for Intelligent Systems (OSTIS)},
  booksubtitle = {сборник научных трудов},
  language     = {english}
}
