@book{Omatu_Khalid_Yusof,
  title     = {Neuro-control and its applications},
  url       = {https://link.springer.com/book/10.1007/978-1-4471-3058-1},
  journal   = {SpringerLink},
  publisher = {Springer London},
  author    = {Omatu, Sigeru and Khalid, Marzuki and Yusof, Rubiyah},
  year      = {1996},
  language  = {english},
  langid   = {english}
}

@book{Uskov_2004,
  title     = {Интеллектуальные технологии управления. Искусственные нейронные сети и нечеткая логика},
  publisher = {Горячая линия - Телеком},
  author    = {Усков, А. А. and Кузьмин, А. В.},
  year      = {2004},
  language  = {russian}
}

@online{PID_NIL_AP,
  title     = {ПИД-регуляторы},
  url       = {http://www.rlda.ru/PID_Control_Tutor.htm},
  urldate   = {2008-09-21},
  booktitle = {Научно-исследовательская лаборатория автоматизации проектирования (OOO НИЛ АП)},
  language  = {russian}
}

@book{Golovko_2001,
  title = {Нейронные сети: обучение, организация, применение. Кн.4: Учеб. пособие для вузов},
  author    = {Головко, В. А.},
  publisher = {М.},
  year      = 2001,
  pagetotal = {256},
  language  = {russian}
}

@book{Notkin_2006,
  title = {Системы прогнозирующего нейроуправления нелинейными динамическими объектами. Диссертация на соискание ученой степени кандидата технических наук},
  author    = {Ноткин, В. А.},
  location  = {Владивосток},
  year      = 2006,
  pagetotal = {210},
  language  = {russian}
}

@book{White_1992,
  title     = {Handbook of Intelligent Control: Neural, Fuzzy, and Adaptive Approaches},
  author    = {White, D. A. and Sofge, D. A.},
  isbn      = {9780442308575},
  lccn      = {lc92073265},
  series    = {VNR computer library},
  publisher = {Van Nostrand Reinhold},
  location  = {New York},
  year      = 1992,
  pagetotal = {568},
  language  = {english},
  langid   = {english}
}

@book{Ruano1992ApplicationsON,
  title    = {Applications of neural networks to control systems},
  author   = {Ant{\'o}nio E. Ruano},
  year     = {1992},
  language = {english},
  langid   = {english}
}

@article{Han1999,
  author   = {Han, Woo-Yong and Han, Jin-Wook and Lee, Chang-Goo},
  year     = {1999},
  month    = {01},
  pages    = {},
  title    = {Development of a Self-tuning PID Controller based on Neural Network for Nonlinear Systems},
  language = {english},
  langid   = {english}
}

@inproceedings{Lazar2004,
  author   = {Lazar, Corneliu and Carari, Sorin and Vrabie, Draguna and Kloetzer, Marius},
  year     = {2004},
  month    = {01},
  pages    = {391-395},
  title    = {Neuro-predictive control based self-tuning of PID controllers},
  url      = {https://www.researchgate.net/publication/221166005_Neuro-predictive_control_based_self-tuning_of_PID_controllers},
  language = {english},
  langid   = {english}
}

@article{Martineau2003,
  author   = {Martineau, S. and Gaura, Elena and Burnham, Keith and Haas, Olivier},
  year     = {2003},
  month    = {01},
  pages    = {},
  title    = {Neural Network Control Approach for an Industrial Furnace},
  isbn     = {978-3-211-00743-3},
  doi      = {10.1007/978-3-7091-0646-4_23},
  url      = {https://www.researchgate.net/publication/255672391_Neural_Network_Control_Approach_for_an_Industrial_Furnace},
  language = {english},
  langid   = {english}
}

@inproceedings{Omatu1997,
  author   = {Omatu, S. and Yoshioka, M.},
  year     = {1997},
  month    = {11},
  pages    = {1985 -- 1989 vol.3},
  title    = {Self-tuning neuro-PID control and applications},
  volume   = {3},
  isbn     = {0-7803-4053-1},
  journal  = {IEEE International Conference on System, Man, and Cybernetics Computational Cybernetics and Simulation},
  doi      = {10.1109/ICSMC.1997.635139},
  language = {english},
  langid   = {english}
}

@article{Omatu2010,
  author   = {Omatu, S. and Yoshioka, M. and Kosaka, T. and Yanagimoto, H.},
  year     = {2010},
  pages    = {82 -- 91},
  title    = {Neuro-PID Control of Speed and Torque of Electric Vehicle},
  volume   = {3},
  journal  = {International Journal on Advances in Systems and Measurements},
  url      = {https://www.google.com/url?sa=t&rct=j&q=&esrc=s&source=web&cd=&ved=2ahUKEwjOua2A2t6DAxUInf0HHcCNAI0QFnoECAkQAQ&url=https%3A%2F%2Fwww.thinkmind.org%2Farticles%2Fsysmea_v3_n12_2010_8.pdf&usg=AOvVaw21XRA-DYdd9oJLn1uDx1VZ&opi=89978449},
  language = {english},
  langid   = {english}
}

@article{Nisha2011,
  author   = {Jha, Nisha and Singh, Udaibir and Saxena, T.K. and Kapoor, Avinashi},
  year     = {2011},
  month    = {05},
  pages    = {36 -- 46},
  title    = {Online Adaptive Control for Non Linear Processes Under Influence of External Disturbance},
  volume   = {2},
  journal  = {International Journal of Artificial Intelligence and Expert System},
  url      = {https://www.researchgate.net/publication/228876076_Online_Adaptive_Control_for_Non_Linear_Processes_Under_Influence_of_External_Disturbance},
  language = {english},
  langid   = {english}
}

@inbook{Reza2011,
  author   = {Jafari, Reza and Dhaouadi, Rached},
  year     = {2011},
  month    = {01},
  pages    = {275 -- 296},
  title    = {Adaptive PID Control of a Nonlinear Servomechanism Using Recurrent Neural Networks},
  isbn     = {978-953-307-369-9},
  doi      = {10.5772/13020},
  url      = {https://www.researchgate.net/publication/221910145_Adaptive_PID_Control_of_a_Nonlinear_Servomechanism_Using_Recurrent_Neural_Networks},
  language = {english},
  langid   = {english}
}

@article{Tahour2007,
  author   = {Tahour, Ahmed and Hamza, Abid and abdel ghani, Aissaoui},
  year     = {2007},
  month    = {07},
  pages    = {23 -- 34},
  title    = {Adaptive neuro-fuzzy controller of switched reluctance motor},
  volume   = {4},
  journal  = {Serbian Journal of Electrical Engineering},
  doi      = {10.2298/SJEE0701023T},
  url      = {https://www.researchgate.net/publication/228368349_Adaptive_neuro-fuzzy_controller_of_switched_reluctance_motor},
  language = {english},
  langid   = {english}
}

@article{Sharkawy2006,
  author   = {Sharkawy, Abdel Badie},
  year     = {2006},
  month    = {11},
  pages    = {657 -- 673},
  title    = {Genetic fuzzy self-tuning PID controllers for antilock braking systems},
  volume   = {45},
  journal  = {Alexandria Engineering Journal},
  url      = {https://scholar.google.com.eg/citations?view_op=view_citation&hl=en&user=Zs9t2yAAAAAJ&citation_for_view=Zs9t2yAAAAAJ:9yKSN-GCB0IC},
  language = {english},
  langid   = {english}
}

@book{TetraPak1995,
  title     = {Технология производства молочных продуктов},
  year      = {1995},
  publisher = {Tetra Pak Processing Systems AB},
  pagetotal = {495},
  language  = {russian},
  langid    = {russian}
}

@book{Вайнберг1978,
  author    = {Вайнберг, А. Я. and Брусиловский, Л. П.},
  title     = {Автоматизация технологических процессов в молочной промышленности},
  year      = {1978},
  location  = {М.},
  publisher = {Пищевая промышленность},
  pagetotal = {344},
  language  = {russian},
  langid    = {russian}
}

@book{Нетушил1978,
  author    = {Нетушил, А. В.},
  title     = {Теория автоматического управления. Учебник для вузов. Изд. 2-е, доп. и перераб.},
  year      = {1976},
  location  = {М.},
  publisher = {«Высшая школа»},
  pagetotal = {400},
  language  = {russian},
  langid    = {russian}
}

@book{Боргест2010,
  title     = {Онтология проектирования. Теоретические основы [Текст] : электрон. учеб. пособие},
  author    = {Боргест, Н. М.},
  publisher = {Самар. гос. аэрокосм. ун-т им. С. П. Королева (нац. исслед. ун-т).},
  year      = 2010,
  volume    = {1},
  pagetotal = {91},
  url       = {http://repo.ssau.ru/bitstream/Uchebnye-posobiya/Ontologiya-proektirovaniya-Teoreticheskie-osnovy-elektron-ucheb-posobie-Ch-1-Ponyatiya-i-principy-55235/1/Боргест%20Н.М.%20Онтология%20проектирования.pdf},
  language  = {russian},
  langid    = {russian}
}

@book{Шведин2010,
  title     = {Онтология предприятия: экспириентологический подход: Технология построения онтологической модели предприятия},
  author    = {Шведин, Б. Я.},
  publisher = {Ленанд},
  location  = {М.},
  year      = 2010,
  pagetotal = {240},
  url       = {https://dunrose.ru/wp-content/uploads/2018/08/QuaSy-онтология-Книга-01.pdf},
  language  = {russian},
  langid    = {russian}
}

@book{ПереработкаМолока2003
  title     = {Технология и техника переработки молока},
  author    = {Бредихин, С. А. and Космодемьянский, Ю. В. and Юрин, В. Н.},
  location  = {Москва},
  publisher = {КолосС},
  year      = 2003,
  pagetotal = {398},
  language  = {russian},
  langid    = {russian}
}

@article{Гладун2006,
  author   = {Гладун, А. Я. and Рогушина, Ю. В.},
  year     = {2006},
  title    = {Онтологии в корпоративных системах},
  volume   = {1},
  journal  = {Корпоративные системы},
  url      = {https://www.management.com.ua/ims/ims115.html},
  language = {russian},
  langid   = {russian}
}

@article{Загорулько2012,
  author   = {Загорулько, Ю. А. and Загорулько, Г. Б.},
  year     = {2012},
  title    = {Онтологический подход к разработке системы поддержки принятия решений на нефтегазодобывающем предприятии},
  volume   = {10},
  location = {Новосибирск},
  journal  = {Вестник НГУ. Серия: Информационные технологии},
  language = {russian},
  langid   = {russian}
}

@article{Муромцев2019,
  author   = {Муромцев, Д. and Волчек, Д. and Романов, А.},
  year     = {2019},
  title    = {Индустриальные графы знаний-интеллектуальное ядро цифровой экономики},
  volume   = {5},
  pages    = {32 -- 39},
  journal  = {Control Engineering Россия},
  url      = {https://controlengrussia.com/innovatsii/ontologija/},
  language = {russian},
  langid   = {russian}
}

@article{Серенков2004,
  author   = {Серенков, П. С. and Соломахо, В. Л. and Нифагин, В. А. and Минова, А. А.},
  year     = {2004},
  title    = {Концепция инфраструктуры стандартизации как базы знаний на основе онтологий},
  volume   = {5},
  pages    = {25 -- 29},
  journal  = {Новости. Стандартизация и сертификация},
  url      = {https://rep.bntu.by/handle/data/26570},
  language = {russian},
  langid   = {russian}
}

@article{Углев2012,
  author   = {Углев, В. А.},
  year     = {2012},
  title    = {Актуализация содержания стандартов проектирования сложных технических объектов: онтологический подход},
  volume   = {1},
  pages    = {80 -- 86},
  journal  = {Онтология проектирования},
  url      = {https://cyberleninka.ru/article/n/aktualizatsiya-soderzhaniya-standartov-proektirovaniya-slozhnyh-tehnicheskih-obektov-ontologicheskiy-podhod},
  language = {russian},
  langid   = {russian}
}

 @misc{ISA88,
  key          = {ISA-88},
  title        = {{ISA-88} standard},
  howpublished = {\url{https://www.isa.org/standards-and-publications/isa-standards/isa-standards-committees/isa88/}},
  note         = {(accessed 2022, October)}
}

@misc{ISA95,
  key          = {ISA-95},
  title        = {{ISA-95} standard},
  howpublished = {\url{https://www.isa.org/standards-and-publications/isa-standards/isa-standards-committees/isa95/}},
  note         = {(accessed 2022, October)}
}

@misc{ISA_5_1,
  key          = {ISA-5.1},
  title        = {{ISA5.1 Standard}},
  howpublished = {\url{https://www.isa.org/standards-and-publications/isa-standards/isa-standards-committees/isa5-1/}},
  note         = {(accessed 2022, October)}
}

@misc{EasyEPLANner,
  key          = {EasyEPLANner project on GitHub},
  title        = {{EasyEPLANner project on GitHub}},
  howpublished = {Available at: \url{https://github.com/savushkin-r-d/EasyEPLANner/}},
  note         = {(accessed 2022, Jun)}
}

@misc{KasperskyMLAD,
  key          = {Kaspersky Machine Learning for Anomaly Detection},
  title        = {{Kaspersky Machine Learning for Anomaly Detection}},
  howpublished = {Available at: \url{https://mlad.kaspersky.com}},
  note         = {(accessed 2022, Jun)}
}
