@book{Omatu_Khalid_Yusof,
  title     = {Neuro-control and its applications},
  url       = {https://link.springer.com/book/10.1007/978-1-4471-3058-1},
  journal   = {SpringerLink},
  publisher = {Springer London},
  author    = {Omatu, Sigeru and Khalid, Marzuki and Yusof, Rubiyah},
  year      = {1996},
  language  = {english},
  langid   = {english}
}

@book{Uskov_2004,
  title     = {Интеллектуальные технологии управления. Искусственные нейронные сети и нечеткая логика},
  publisher = {Горячая линия - Телеком},
  author    = {Усков, А. А. and Кузьмин, А. В.},
  year      = {2004},
  language  = {russian}
}

@online{PID_NIL_AP,
  title     = {ПИД-регуляторы},
  url       = {http://www.rlda.ru/PID_Control_Tutor.htm},
  urldate   = {2008-09-21},
  booktitle = {Научно-исследовательская лаборатория автоматизации проектирования (OOO НИЛ АП)},
  language  = {russian}
}

@book{Golovko_2001,
  title = {Нейронные сети: обучение, организация, применение. Кн.4: Учеб. пособие для вузов},
  author    = {Головко, В. А.},
  publisher = {М.},
  year      = 2001,
  pagetotal = {256},
  language  = {russian}
}

@book{Notkin_2006,
  title = {Системы прогнозирующего нейроуправления нелинейными динамическими объектами. Диссертация на соискание ученой степени кандидата технических наук},
  author    = {Ноткин, В. А.},
  location  = {Владивосток},
  year      = 2006,
  pagetotal = {210},
  language  = {russian}
}

@book{White_1992,
  title     = {Handbook of Intelligent Control: Neural, Fuzzy, and Adaptive Approaches},
  author    = {White, D. A. and Sofge, D. A.},
  isbn      = {9780442308575},
  lccn      = {lc92073265},
  series    = {VNR computer library},
  publisher = {Van Nostrand Reinhold},
  location  = {New York},
  year      = 1992,
  pagetotal = {568},
  language  = {english},
  langid   = {english}
}

@book{Ruano1992ApplicationsON,
  title    = {Applications of neural networks to control systems},
  author   = {Ant{\'o}nio E. Ruano},
  year     = {1992},
  language = {english},
  langid   = {english}
}

@article{Han1999,
  author   = {Han, Woo-Yong and Han, Jin-Wook and Lee, Chang-Goo},
  year     = {1999},
  month    = {01},
  pages    = {},
  title    = {Development of a Self-tuning PID Controller based on Neural Network for Nonlinear Systems},
  language = {english},
  langid   = {english}
}

@inproceedings{Lazar2004,
  author   = {Lazar, Corneliu and Carari, Sorin and Vrabie, Draguna and Kloetzer, Marius},
  year     = {2004},
  month    = {01},
  pages    = {391-395},
  title    = {Neuro-predictive control based self-tuning of PID controllers},
  url      = {https://www.researchgate.net/publication/221166005_Neuro-predictive_control_based_self-tuning_of_PID_controllers},
  language = {english},
  langid   = {english}
}

@article{Martineau2003,
  author   = {Martineau, S. and Gaura, Elena and Burnham, Keith and Haas, Olivier},
  year     = {2003},
  month    = {01},
  pages    = {},
  title    = {Neural Network Control Approach for an Industrial Furnace},
  isbn     = {978-3-211-00743-3},
  doi      = {10.1007/978-3-7091-0646-4_23},
  url      = {https://www.researchgate.net/publication/255672391_Neural_Network_Control_Approach_for_an_Industrial_Furnace},
  language = {english},
  langid   = {english}
}